  @Manual{rcoreteam2025,
    title = {R: A Language and Environment for Statistical Computing},
    author = {{R Core Team}},
    organization = {R Foundation for Statistical Computing},
    address = {Vienna, Austria},
    year = {2025},
    url = {https://www.R-project.org/},
  }
  
  @article{allaire2014rmarkdown,
  title={rmarkdown: Dynamic Documents for R},
  author={Allaire, Joseph J and Xie, Yihui and Dervieux, Christophe and McPherson, Jonathan and Luraschi, Javier and Ushey, Kevin and Atkins, Aron and Wickham, Hadley and Cheng, Joe and Chang, Winston and others},
  journal={(No Title)},
  year={2014},
  publisher={The R Foundation}
}

@book{xie2018r,
  title={R markdown: The definitive guide},
  author={Xie, Yihui and Allaire, Joseph J and Grolemund, Garrett},
  year={2018},
  publisher={Chapman and Hall/CRC}
}


@book{xie2020r,
  title={R markdown cookbook},
  author={Xie, Yihui and Dervieux, Christophe and Riederer, Emily},
  year={2020},
  publisher={Chapman and Hall/CRC}
}


@book{rcoreteam2025,
	title = {R: A Language and Environment for Statistical Computing},
	author = {R Core Team},
	year = {2025},
	date = {2025},
	publisher = {R Foundation for Statistical Computing},
	url = {https://www.R-project.org/},
	address = {Vienna, Austria}
}

@book{chang2024,
	title = {shiny: Web Application Framework for R},
	author = {Chang, Winston and Cheng, Joe and Allaire, J. J. and Sievert, Carson and Schloerke, Barret and Xie, Yihui and Allen, Jeff and McPherson, Jonathan and Dipert, Alan and Borges, Barbara},
	year = {2024},
	date = {2024},
	url = {https://CRAN.R-project.org/package=shiny}
}

@article{allaire2014,
	title = {rmarkdown: Dynamic Documents for R},
	author = {Allaire, Joseph J and Xie, Yihui and Dervieux, Christophe and McPherson, Jonathan and Luraschi, Javier and Ushey, Kevin and Atkins, Aron and Wickham, Hadley and Cheng, Joe and Chang, Winston and others, },
	year = {2014},
	date = {2014},
	journal = {(No Title)},
	note = {Publisher: The R Foundation}
}

@book{xie2018,
	title = {R markdown: The definitive guide},
	author = {Xie, Yihui and Allaire, Joseph J and Grolemund, Garrett},
	year = {2018},
	date = {2018},
	publisher = {Chapman and Hall/CRC}
}

@book{xie2020,
	title = {R markdown cookbook},
	author = {Xie, Yihui and Dervieux, Christophe and Riederer, Emily},
	year = {2020},
	date = {2020},
	publisher = {Chapman and Hall/CRC}
}

@article{bertran1997,
	title = {Fabric characteristics of subaerial slope deposits},
	author = {Bertran, Pascal and Hetu, Bernard and Texier, Jean-Pierre and Van Steijn, Henk},
	year = {1997},
	date = {1997},
	journal = {Sedimentology},
	pages = {1{\textendash}16},
	volume = {44},
	number = {1},
	note = {Publisher: Wiley Online Library}
}

@article{bertran2002,
	title = {Fabriques des niveaux archéologiques: méthode et premier bilan des apports à l{\textquoteright}étude taphonomique des sites paléolithiques},
	author = {Bertran, Pascal and Lenoble, Arnaud},
	year = {2002},
	date = {2002},
	journal = {PALEO. Revue d'archéologie préhistorique},
	pages = {13{\textendash}28},
	number = {14},
	note = {Publisher: Société des amis du Musée national de préhistoire et de la recherche {\ldots}}
}

@article{lenoble2004,
	title = {Fabric of Palaeolithic levels: methods and implications for site formation processes},
	author = {Lenoble, Arnaud and Bertran, Pascal},
	year = {2004},
	date = {2004},
	journal = {Journal of Archaeological Science},
	pages = {457{\textendash}469},
	volume = {31},
	number = {4},
	note = {Publisher: Elsevier}
}

@article{texier2020,
	title = {Les dépôts de remplissage de l{\textquoteright}abri inférieur du Moustier (Dordogne, France): lithostratigraphie, processus de formation et évolution du système géomorphologique},
	author = {Texier, Jean-Pierre and Discamps, Emmanuel and Gravina, Brad and Thomas, Marc},
	year = {2020},
	date = {2020},
	journal = {PALEO. Revue d'archéologie préhistorique},
	pages = {320{\textendash}345},
	number = {30-2},
	note = {Publisher: Société des amis du Musée national de préhistoire et de la recherche {\ldots}}
}

@article{bertran1997,
	title = {Fabric characteristics of subaerial slope deposits},
	author = {Bertran, Pascal and Hetu, Bernard and TEXIER, JEAN-PIERRE and Van Steijn, Henk},
	year = {1997},
	date = {1997},
	journal = {Sedimentology},
	pages = {1{\textendash}16},
	volume = {44},
	number = {1},
	note = {Publisher: Wiley Online Library}
}

@article{bertran2002,
	title = {Fabriques des niveaux archéologiques: méthode et premier bilan des apports à l{\textquoteright}étude taphonomique des sites paléolithiques},
	author = {Bertran, Pascal and Lenoble, Arnaud},
	year = {2002},
	date = {2002},
	journal = {PALEO. Revue d'archéologie préhistorique},
	pages = {13{\textendash}28},
	number = {14},
	note = {Publisher: Société des amis du Musée national de préhistoire et de la recherche {\ldots}}
}

@article{lenoble2004,
	title = {Fabric of Palaeolithic levels: methods and implications for site formation processes},
	author = {Lenoble, Arnaud and Bertran, Pascal},
	year = {2004},
	date = {2004},
	journal = {Journal of Archaeological Science},
	pages = {457{\textendash}469},
	volume = {31},
	number = {4},
	note = {Publisher: Elsevier}
}

@article{isaac1967,
	title = {Towards the interpretation of occupation debris: some experiments and observations},
	author = {Isaac, Glynn L},
	year = {1967},
	date = {1967},
	journal = {Kroeber Anthropological Society Papers},
	pages = {31{\textendash}57},
	volume = {37},
	number = {37}
}

@article{schick1986,
	title = {Stone Age sites in the making: experiments in the formation and transformation of archaeological occurrences},
	author = {Schick, Kathy Diane},
	year = {1986},
	date = {1986},
	journal = {(No Title)},
	note = {Publisher: University of Michigan Press}
}

@article{thomas2019,
	title = {Analyse taphonomique et spatiale de palimpsestes d'occupations moustériennes de l'abri inférieur du Moustier (Dordogne, France)},
	author = {Thomas, Marc and Discamps, Emmanuel and Gravina, Brad and Texier, Jean-Pierre},
	year = {2019},
	date = {2019},
	journal = {PALEO. Revue d'archéologie préhistorique},
	pages = {278{\textendash}299},
	number = {30-1},
	note = {Publisher: Société des amis du Musée national de préhistoire et de la recherche {\ldots}}
}

@article{schiffer1983,
	title = {Toward the identification of formation processes},
	author = {Schiffer, Michael B},
	year = {1983},
	date = {1983},
	journal = {American Antiquity},
	pages = {675{\textendash}706},
	volume = {48},
	number = {4},
	note = {Publisher: Cambridge University Press}
}

@article{benn1994,
	title = {Fabric shape and the interpretation of sedimentary fabric data},
	author = {Benn, Douglas},
	year = {1994},
	date = {1994},
	journal = {Journal of Sedimentary Research},
	pages = {910{\textendash}915},
	volume = {64},
	number = {4a},
	note = {Publisher: SEPM Society for Sedimentary Geology}
}

@article{lenoble2004,
	title = {Fabric of Palaeolithic levels: methods and implications for site formation processes},
	author = {Lenoble, Arnaud and Bertran, Pascal},
	year = {2004},
	date = {2004},
	journal = {Journal of Archaeological Science},
	pages = {457{\textendash}469},
	volume = {31},
	number = {4},
	note = {Publisher: Elsevier}
}

@article{mcpherron2018,
	title = {Additional statistical and graphical methods for analyzing site formation processes using artifact orientations},
	author = {McPherron, Shannon P},
	year = {2018},
	date = {2018},
	journal = {PloS one},
	pages = {e0190195},
	volume = {13},
	number = {1},
	note = {Publisher: Public Library of Science San Francisco, CA USA}
}

@article{mcpherron2005artifact,
  title={Artifact orientations and site formation processes from total station proveniences},
  author={McPherron, Shannon JP},
  journal={Journal of Archaeological Science},
  volume={32},
  number={7},
  pages={1003--1014},
  year={2005},
  publisher={Elsevier}
}

@article{curray1956,
	title = {The analysis of two-dimensional orientation data},
	author = {Curray, Joseph R},
	year = {1956},
	date = {1956},
	journal = {The Journal of Geology},
	pages = {117{\textendash}131},
	volume = {64},
	number = {2},
	note = {Publisher: University of Chicago Press}
}

@article{krumbein1939,
	title = {Preferred orientation of pebbles in sedimentary deposits},
	author = {Krumbein, William C},
	year = {1939},
	date = {1939},
	journal = {The Journal of Geology},
	pages = {673{\textendash}706},
	volume = {47},
	number = {7},
	note = {Publisher: University of Chicago Press}
}

@article{curray1956,
	title = {The analysis of two-dimensional orientation data},
	author = {Curray, Joseph R},
	year = {1956},
	date = {1956},
	journal = {The Journal of Geology},
	pages = {117{\textendash}131},
	volume = {64},
	number = {2},
	note = {Publisher: University of Chicago Press}
}

@article{curray1956,
	title = {The analysis of two-dimensional orientation data},
	author = {Curray, Joseph R},
	year = {1956},
	date = {1956},
	journal = {The Journal of Geology},
	pages = {117{\textendash}131},
	volume = {64},
	number = {2},
	note = {Publisher: University of Chicago Press}
}

@article{bertran2002,
	title = {Fabriques des niveaux archéologiques: méthode et premier bilan des apports à l{\textquoteright}étude taphonomique des sites paléolithiques},
	author = {Bertran, Pascal and Lenoble, Arnaud},
	year = {2002},
	date = {2002},
	journal = {PALEO. Revue d'archéologie préhistorique},
	pages = {13{\textendash}28},
	number = {14},
	note = {Publisher: Société des amis du Musée national de préhistoire et de la recherche {\ldots}}
}

@article{watson1966,
	title = {The statistics of orientation data},
	author = {Watson, Geoffrey S},
	year = {1966},
	date = {1966},
	journal = {The Journal of Geology},
	pages = {786{\textendash}797},
	volume = {74},
	number = {5, Part 2},
	note = {Publisher: University of Chicago Press}
}

@article{benn1994,
	title = {Fabric shape and the interpretation of sedimentary fabric data},
	author = {Benn, Douglas},
	year = {1994},
	date = {1994},
	journal = {Journal of Sedimentary Research},
	pages = {910{\textendash}915},
	volume = {64},
	number = {4a},
	note = {Publisher: SEPM Society for Sedimentary Geology}
}

@article{mcpherron2018,
	title = {Additional statistical and graphical methods for analyzing site formation processes using artifact orientations},
	author = {McPherron, Shannon P},
	year = {2018},
	date = {2018},
	journal = {PloS one},
	pages = {e0190195},
	volume = {13},
	number = {1},
	note = {Publisher: Public Library of Science San Francisco, CA USA}
}

@article{bertran2002,
	title = {Fabriques des niveaux archéologiques: méthode et premier bilan des apports à l{\textquoteright}étude taphonomique des sites paléolithiques},
	author = {Bertran, Pascal and Lenoble, Arnaud},
	year = {2002},
	date = {2002},
	journal = {PALEO. Revue d'archéologie préhistorique},
	pages = {13{\textendash}28},
	number = {14},
	note = {Publisher: Société des amis du Musée national de préhistoire et de la recherche {\ldots}}
}

@article{texier2020,
	title = {Les dépôts de remplissage de l{\textquoteright}abri inférieur du Moustier (Dordogne, France): lithostratigraphie, processus de formation et évolution du système géomorphologique},
	author = {Texier, Jean-Pierre and Discamps, Emmanuel and Gravina, Brad and Thomas, Marc},
	year = {2020},
	date = {2020},
	journal = {PALEO. Revue d'archéologie préhistorique},
	pages = {320{\textendash}345},
	number = {30-2},
	note = {Publisher: Société des amis du Musée national de préhistoire et de la recherche {\ldots}}
}

@article{thomas2019,
	title = {Analyse taphonomique et spatiale de palimpsestes d'occupations moustériennes de l'abri inférieur du Moustier (Dordogne, France)},
	author = {Thomas, Marc and Discamps, Emmanuel and Gravina, Brad and Texier, Jean-Pierre},
	year = {2019},
	date = {2019},
	journal = {PALEO. Revue d'archéologie préhistorique},
	pages = {278{\textendash}299},
	number = {30-1},
	note = {Publisher: Société des amis du Musée national de préhistoire et de la recherche {\ldots}}
}

@article{bertran1997,
	title = {Fabric characteristics of subaerial slope deposits},
	author = {Bertran, Pascal and Hetu, Bernard and Texier, Jean-Pierre and Van Steijn, Henk},
	year = {1997},
	date = {1997},
	journal = {Sedimentology},
	pages = {1{\textendash}16},
	volume = {44},
	number = {1},
	note = {Publisher: Wiley Online Library}
}

@article{bertran2002,
	title = {Fabriques des niveaux archéologiques: méthode et premier bilan des apports à l{\textquoteright}étude taphonomique des sites paléolithiques},
	author = {Bertran, Pascal and Lenoble, Arnaud},
	year = {2002},
	date = {2002},
	journal = {PALEO. Revue d'archéologie préhistorique},
	pages = {13{\textendash}28},
	number = {14},
	note = {Publisher: Société des amis du Musée national de préhistoire et de la recherche {\ldots}}
}

@article{bertran2006,
	title = {Fabrique d'amas de débitage: données expérimentales},
	author = {Bertran, Pascal and Bordes, Jean-Guillaume and {Barré}, Antoine and Lenoble, Arnaud and Mourre, Vincent},
	year = {2006},
	date = {2006},
	journal = {Bulletin de la Société préhistorique française},
	pages = {33{\textendash}47},
	note = {Publisher: JSTOR}
}

@article{lenoble2004,
	title = {Fabric of Palaeolithic levels: methods and implications for site formation processes},
	author = {Lenoble, Arnaud and Bertran, Pascal},
	year = {2004},
	date = {2004},
	journal = {Journal of Archaeological Science},
	pages = {457{\textendash}469},
	volume = {31},
	number = {4},
	note = {Publisher: Elsevier}
}

@article{woodcock1977,
	title = {Specification of fabric shapes using an eigenvalue method},
	author = {Woodcock, NH},
	year = {1977},
	date = {1977},
	journal = {Geological Society of America Bulletin},
	pages = {1231{\textendash}1236},
	volume = {88},
	number = {9},
	note = {Publisher: Geological Society of America}
}

@article{discamps2024,
	title = {Protocole de fouille sur les sites paléolithiques: justification des besoins et modalités de mise en øeuvre à Combe-Grenal et à l{\textquoteright}abri inférieur du Moustier (Dordogne, France)},
	author = {Discamps, Emmanuel and Thomas, Marc and Faivre, Jean-Philippe and Gravina, Brad},
	year = {2024},
	date = {2024},
	journal = {Gallia Préhistoire},
	number = {64},
	note = {Publisher: CNRS Éditions}
}

@article{de2013application,
  title={Application of GIS methods to retrieve orientation patterns from imagery; a case study from Beds I and II, Olduvai Gorge (Tanzania)},
  author={de la Torre, Ignacio and Benito-Calvo, Alfonso},
  journal={Journal of Archaeological Science},
  volume={40},
  number={5},
  pages={2446--2457},
  year={2013},
  publisher={Elsevier}
}

@article{de2021new,
  title={New excavations in the MNK Skull site, and the last appearance of the Oldowan and Homo habilis at Olduvai Gorge, Tanzania},
  author={de la Torre, Ignacio and Benito-Calvo, Alfonso and Martin-Ramos, Carmen and McHenry, Lindsay J and Mora, Rafael and Njau, Jackson K and Pante, Michael C and Stanistreet, Ian G and Stollhofen, Harald},
  journal={Journal of Anthropological Archaeology},
  volume={61},
  pages={101255},
  year={2021},
  publisher={Elsevier}
}

@article{rao1967large,
  title={Large sample tests for the homogeneity of angular data},
  author={Rao, JS},
  journal={Sankhya Ser B},
  volume={28},
  pages={172--174},
  year={1967}
}

@article{sanchez2016assessment,
  title={Assessment of accumulation processes at the Middle Pleistocene site of Ambrona (Soria, Spain). Density and orientation patterns in spatial datasets derived from excavations conducted from the 1960s to the present},
  author={S{\'a}nchez-Romero, Laura and Benito-Calvo, Alfonso and P{\'e}rez-Gonz{\'a}lez, Alfredo and Santonja, Manuel},
  journal={PloS one},
  volume={11},
  number={12},
  pages={e0167595},
  year={2016},
  publisher={Public Library of Science San Francisco, CA USA}
}
